@article{xdyy,
  author          = {夏大鱼羊},
  journal         = {我是期刊},
  number          = {6666},
  title           = {如何写一个 \LaTeX 模板},
  volume          = {88},
  year            = {2023}
}

@manual{研究生学位论文开题报告登记表,
  author       = {武汉大学数学与统计学院},
  title        = {附件1：研究生学位论文开题报告登记表}
}

@manual{2023届硕博学位论文开题报告通知,
  author       = {武汉大学数学与统计学院},
  title        = {2023年3月学位论文开题报告的通知}
}
@misc{2024届硕博开题报告QQ通知,
  author       = {武汉大学数学与统计学院},
  title        = {2024届毕业生学位论文开题报告的通知},
  howpublished = {各专业班级QQ群},
  year         = {2023}
}